
@book{2008gady.book.....B,
  title = {Galactic Dynamics: {{Second}} Edition},
  author = {Binney, James and Tremaine, Scott},
  date = {2008},
  adsnote = {Provided by the SAO/NASA Astrophysics Data System},
  adsurl = {https://ui.adsabs.harvard.edu/abs/2008gady.book.....B}
}
% == BibLateX quality report for 2008gady.book.....B:
% Unexpected field 'adsnote'
% Unexpected field 'adsurl'

@article{athanassoula2002,
  title = {Morphology, Photometry and Kinematics of {{N}} -Body Bars - {{I}}. {{Three}} Models with Different Halo Central Concentrations},
  author = {Athanassoula, E. and Misiriotis, A.},
  date = {2002-02-01},
  journaltitle = {Monthly Notices of the Royal Astronomical Society},
  volume = {330},
  pages = {35--52},
  issn = {0035-8711},
  doi = {10.1046/j.1365-8711.2002.05028.x},
  url = {http://adsabs.harvard.edu/abs/2002MNRAS.330...35A},
  urldate = {2020-02-13},
  keywords = {GALAXIES: KINEMATICS AND DYNAMICS,GALAXIES: PHOTOMETRY,GALAXIES: STRUCTURE,METHODS: NUMERICAL}
}

@article{athanassoula2013a,
  title = {Bar Formation and Evolution in Disc Galaxies with Gas and a Triaxial Halo: Morphology, Bar Strength and Halo Properties},
  shorttitle = {Bar Formation and Evolution in Disc Galaxies with Gas and a Triaxial Halo},
  author = {Athanassoula, E. and Machado, Rubens E. G. and Rodionov, S. A.},
  date = {2013-03-01},
  journaltitle = {Monthly Notices of the Royal Astronomical Society},
  volume = {429},
  pages = {1949--1969},
  issn = {0035-8711},
  doi = {10.1093/mnras/sts452},
  url = {http://adsabs.harvard.edu/abs/2013MNRAS.429.1949A},
  urldate = {2020-05-07},
  keywords = {galaxies: evolution,galaxies: haloes,galaxies: kinematics and dynamics,galaxies: structure}
}

@article{athanassoula2015,
  title = {On the Nature of the Barlens Component in Barred Galaxies: What Do Boxy/Peanut Bulges Look like When Viewed Face-On?},
  shorttitle = {On the Nature of the Barlens Component in Barred Galaxies},
  author = {Athanassoula, E. and Laurikainen, E. and Salo, H. and Bosma, A.},
  date = {2015-12-01},
  journaltitle = {Monthly Notices of the Royal Astronomical Society},
  volume = {454},
  pages = {3843--3863},
  issn = {0035-8711},
  doi = {10.1093/mnras/stv2231},
  url = {http://adsabs.harvard.edu/abs/2015MNRAS.454.3843A},
  urldate = {2020-05-07},
  keywords = {galaxies: bulges,galaxies: evolution,galaxies: kinematics and dynamics,galaxies: spiral,galaxies: structure}
}

@article{athanassoula2016,
  title = {Boxy/{{Peanut}}/{{X Bulges}}, {{Barlenses}} and the {{Thick Part}} of {{Galactic Bars}}: {{What Are They}} and {{How Did They Form}}?},
  shorttitle = {Boxy/{{Peanut}}/{{X Bulges}}, {{Barlenses}} and the {{Thick Part}} of {{Galactic Bars}}},
  author = {Athanassoula, E.},
  date = {2016},
  volume = {418},
  pages = {391},
  location = {{eprint: arXiv:1503.04804}},
  doi = {10.1007/978-3-319-19378-6_14},
  url = {http://adsabs.harvard.edu/abs/2016ASSL..418..391A},
  urldate = {2020-05-07},
  eventtitle = {Galactic {{Bulges}}},
  keywords = {Physics}
}
% == BibLateX quality report for athanassoula2016:
% Unexpected field 'location'
% Unexpected field 'eventtitle'
% Missing required field 'journaltitle'
% ? Title looks like it was stored in title-case in Zotero

@article{beaton2007,
  title = {Unveiling the {{Boxy Bulge}} and {{Bar}} of the {{Andromeda Spiral Galaxy}}},
  author = {Beaton, Rachael L. and Majewski, Steven R. and Guhathakurta, Puragra and Skrutskie, Michael F. and Cutri, Roc M. and Good, John and Patterson, Richard J. and Athanassoula, E. and Bureau, Martin},
  date = {2007-04-01},
  journaltitle = {The Astrophysical Journal Letters},
  volume = {658},
  pages = {L91-L94},
  issn = {0004-637X},
  doi = {10.1086/514333},
  url = {http://adsabs.harvard.edu/abs/2007ApJ...658L..91B},
  urldate = {2020-05-06},
  keywords = {Galaxies: Bulges,Galaxies: Individual: Messier Number: M31,Galaxies: Local Group,Galaxies: Spiral,Galaxies: Structure,Infrared: Galaxies}
}
% == BibLateX quality report for beaton2007:
% ? Title looks like it was stored in title-case in Zotero

@article{binney1982,
  title = {Spectral Stellar Dynamics},
  author = {Binney, J. and Spergel, D.},
  date = {1982-01-01},
  journaltitle = {The Astrophysical Journal},
  volume = {252},
  pages = {308--321},
  issn = {0004-637X},
  doi = {10.1086/159559},
  url = {http://adsabs.harvard.edu/abs/1982ApJ...252..308B},
  urldate = {2020-04-08},
  keywords = {Angular Velocity,Coordinates,Eccentric Orbits,Floquet Theorem,Fourier Transformation,Libration,Orbit Calculation,Orbit Perturbation,Orbital Mechanics,Precession,Spectrum Analysis,Stellar Motions,Stellar Spectra}
}

@article{burbidge1959,
  title = {Three {{Unusual}} so {{Galaxies}}.},
  author = {Burbidge, E. Margaret and Burbidge, G. R.},
  date = {1959-07-01},
  journaltitle = {The Astrophysical Journal},
  volume = {130},
  pages = {20},
  issn = {0004-637X},
  doi = {10.1086/146691},
  url = {http://adsabs.harvard.edu/abs/1959ApJ...130...20B},
  urldate = {2020-05-04}
}
% == BibLateX quality report for burbidge1959:
% ? Title looks like it was stored in title-case in Zotero

@article{bureau1999,
  title = {Bar {{Diagnostics}} in {{Edge}}-on {{Spiral Galaxies}}. {{I}}. {{The Periodic Orbits Approach}}},
  author = {Bureau, M. and Athanassoula, E.},
  date = {1999-09-01},
  journaltitle = {The Astrophysical Journal},
  volume = {522},
  pages = {686--698},
  issn = {0004-637X},
  doi = {10.1086/307675},
  url = {http://adsabs.harvard.edu/abs/1999ApJ...522..686B},
  urldate = {2020-05-04},
  keywords = {Celestial Mechanics,CELESTIAL MECHANICS,Galaxies: Fundamental Parameters,GALAXIES: FUNDAMENTAL PARAMETERS,Galaxies: ISM,GALAXIES: ISM,Galaxies: Kinematics and Dynamics,GALAXIES: KINEMATICS AND DYNAMICS,Galaxies: Spiral,GALAXIES: SPIRAL,Galaxies: Structure,GALAXIES: STRUCTURE,Stellar Dynamics,STELLAR DYNAMICS}
}
% == BibLateX quality report for bureau1999:
% ? Title looks like it was stored in title-case in Zotero

@article{bureau2006,
  title = {K-Band Observations of Boxy Bulges - {{I}}. {{Morphology}} and Surface Brightness Profiles},
  author = {Bureau, M. and Aronica, G. and Athanassoula, E. and Dettmar, R.-J. and Bosma, A. and Freeman, K. C.},
  date = {2006-08-01},
  journaltitle = {Monthly Notices of the Royal Astronomical Society},
  volume = {370},
  pages = {753--772},
  issn = {0035-8711},
  doi = {10.1111/j.1365-2966.2006.10471.x},
  url = {http://adsabs.harvard.edu/abs/2006MNRAS.370..753B},
  urldate = {2020-05-04},
  keywords = {galaxies: bulges,galaxies: bulges: galaxies: evolution: galaxies: formation: galaxies: photometry: galaxies: spiral: galaxies: structure,galaxies: evolution,galaxies: formation,galaxies: photometry,galaxies: spiral,galaxies: structure}
}

@article{buta2010,
  title = {Mid-Infrared {{Galaxy Morphology}} from the {{Spitzer Survey}} of {{Stellar Structure}} in {{Galaxies}} ({{S4G}}): {{The Imprint}} of the {{De Vaucouleurs Revised Hubble}}-{{Sandage Classification System}} at 3.6 Μm},
  shorttitle = {Mid-Infrared {{Galaxy Morphology}} from the {{Spitzer Survey}} of {{Stellar Structure}} in {{Galaxies}} ({{S4G}})},
  author = {Buta, Ronald J. and Sheth, Kartik and Regan, Michael and Hinz, Joannah L. and Gil de Paz, Armando and Menéndez-Delmestre, Karin and Munoz-Mateos, Juan-Carlos and Seibert, Mark and Laurikainen, Eija and Salo, Heikki and Gadotti, Dimitri A. and Athanassoula, E. and Bosma, Albert and Knapen, Johan H. and Ho, Luis C. and Madore, Barry F. and Elmegreen, Debra M. and Masters, Karen L. and Comerón, Sebastien and Aravena, Manuel and Kim, Taehyun},
  date = {2010-09-01},
  journaltitle = {The Astrophysical Journal Supplement Series},
  volume = {190},
  pages = {147--165},
  issn = {0067-0049},
  doi = {10.1088/0067-0049/190/1/147},
  url = {http://adsabs.harvard.edu/abs/2010ApJS..190..147B},
  urldate = {2020-05-06},
  keywords = {cD,galaxies: bulges,galaxies: dwarf,galaxies: elliptical and lenticular,galaxies: irregular,galaxies: spiral,galaxies: structure}
}

@article{chung2004,
  title = {Stellar {{Kinematics}} of {{Boxy Bulges}}: {{Large}}-{{Scale Bars}} and {{Inner Disks}}},
  shorttitle = {Stellar {{Kinematics}} of {{Boxy Bulges}}},
  author = {Chung, Aeree and Bureau, M.},
  date = {2004-06-01},
  journaltitle = {The Astronomical Journal},
  volume = {127},
  pages = {3192--3212},
  issn = {0004-6256},
  doi = {10.1086/420988},
  url = {http://adsabs.harvard.edu/abs/2004AJ....127.3192C},
  urldate = {2020-05-04},
  keywords = {Galaxies: Bulges,Galaxies: Evolution,Galaxies: Formation,Galaxies: Kinematics and Dynamics,Galaxies: Spiral,Galaxies: Structure}
}
% == BibLateX quality report for chung2004:
% ? Title looks like it was stored in title-case in Zotero

@article{combes1981a,
  title = {Formation and Properties of Persisting Stellar Bars},
  author = {Combes, F. and Sanders, R. H.},
  date = {1981-03-01},
  journaltitle = {Astronomy and Astrophysics},
  volume = {96},
  pages = {164--173},
  issn = {0004-6361},
  url = {http://adsabs.harvard.edu/abs/1981A%26A....96..164C},
  urldate = {2020-05-03},
  keywords = {Barred Galaxies,Disk Galaxies,Fourier Analysis,Fourier Transformation,Galactic Evolution,Galactic Rotation,Galactic Structure,Gas Dynamics,Gravitational Fields,Halos,Interstellar Gas,Mathematical Models,Spiral Galaxies}
}

@article{contopoulos1980a,
  title = {Orbits in Weak and Strong Bars},
  author = {Contopoulos, G. and Papayannopoulos, T.},
  date = {1980-12-01},
  journaltitle = {Astronomy and Astrophysics},
  volume = {92},
  pages = {33--46},
  issn = {0004-6361},
  url = {http://adsabs.harvard.edu/abs/1980A%26A....92...33C},
  urldate = {2020-05-04},
  keywords = {Barred Galaxies,Celestial Mechanics,Circular Orbits,Galactic Structure,Lagrangian Equilibrium Points,Orbital Mechanics,Stellar Models,Stellar Motions,Stellar Rotation}
}

@article{debattista2005,
  title = {The {{Kinematic Signature}} of {{Face}}-{{On Peanut}}-Shaped {{Bulges}}},
  author = {Debattista, Victor P. and Carollo, C. Marcella and Mayer, Lucio and Moore, Ben},
  date = {2005-08-01},
  journaltitle = {The Astrophysical Journal},
  volume = {628},
  pages = {678--694},
  issn = {0004-637X},
  doi = {10.1086/431292},
  url = {http://adsabs.harvard.edu/abs/2005ApJ...628..678D},
  urldate = {2020-01-28},
  keywords = {Galaxies: Bulges,Galaxies: Evolution,Galaxies: Formation,Galaxies: Kinematics and Dynamics,Galaxies: Photometry,Galaxies: Spiral}
}

@article{dehnen2002,
  title = {A {{Hierarchical}} ({{N}}) {{Force Calculation Algorithm}}},
  author = {Dehnen, Walter},
  date = {2002-06},
  journaltitle = {Journal of Computational Physics},
  volume = {179},
  pages = {27--42},
  issn = {00219991},
  doi = {10.1006/jcph.2002.7026},
  url = {https://linkinghub.elsevier.com/retrieve/pii/S0021999102970269},
  urldate = {2019-11-11},
  langid = {english},
  number = {1}
}
% == BibLateX quality report for dehnen2002:
% ? Title looks like it was stored in title-case in Zotero

@article{devaucouleurs1959,
  title = {Classification and {{Morphology}} of {{External Galaxies}}.},
  author = {family=Vaucouleurs, given=Gerard, prefix=de, useprefix=true},
  date = {1959},
  journaltitle = {Handbuch der Physik},
  volume = {53},
  pages = {275},
  doi = {10.1007/978-3-642-45932-0_7},
  url = {http://adsabs.harvard.edu/abs/1959HDP....53..275D},
  urldate = {2020-05-06}
}
% == BibLateX quality report for devaucouleurs1959:
% ? Title looks like it was stored in title-case in Zotero

@article{erwin2013,
  title = {Peanuts at an Angle: Detecting and Measuring the Three-Dimensional Structure of Bars in Moderately Inclined Galaxies},
  shorttitle = {Peanuts at an Angle},
  author = {Erwin, Peter and Debattista, Victor P.},
  date = {2013-06-01},
  journaltitle = {Monthly Notices of the Royal Astronomical Society},
  volume = {431},
  pages = {3060--3086},
  issn = {0035-8711},
  doi = {10.1093/mnras/stt385},
  url = {http://adsabs.harvard.edu/abs/2013MNRAS.431.3060E},
  urldate = {2020-05-06},
  keywords = {cD,galaxies: elliptical and lenticular,galaxies: evolution,galaxies: spiral,galaxies: structure}
}

@article{erwin2015,
  title = {Composite Bulges: The Coexistence of Classical Bulges and Discy Pseudo-Bulges in {{S0}} and Spiral Galaxies},
  shorttitle = {Composite Bulges},
  author = {Erwin, Peter and Saglia, Roberto P. and Fabricius, Maximilian and Thomas, Jens and Nowak, Nina and Rusli, Stephanie and Bender, Ralf and Vega Beltrán, Juan Carlos and Beckman, John E.},
  date = {2015-02-01},
  journaltitle = {Monthly Notices of the Royal Astronomical Society},
  volume = {446},
  pages = {4039--4077},
  issn = {0035-8711},
  doi = {10.1093/mnras/stu2376},
  url = {http://adsabs.harvard.edu/abs/2015MNRAS.446.4039E},
  urldate = {2020-05-08},
  keywords = {cD,galaxies: bulges,galaxies: elliptical and lenticular,galaxies: evolution,galaxies: kinematics and dynamics,galaxies: spiral,galaxies: structure}
}

@article{erwin2017,
  title = {The Frequency and Stellar-Mass Dependence of Boxy/Peanut-Shaped Bulges in Barred Galaxies},
  author = {Erwin, Peter and Debattista, Victor P.},
  date = {2017-06-01},
  journaltitle = {Monthly Notices of the Royal Astronomical Society},
  volume = {468},
  pages = {2058--2080},
  issn = {0035-8711},
  doi = {10.1093/mnras/stx620},
  url = {http://adsabs.harvard.edu/abs/2017MNRAS.468.2058E},
  urldate = {2020-05-05},
  keywords = {cD,galaxies: bulges,galaxies: elliptical and lenticular,galaxies: spiral,galaxies: structure}
}

@article{hernquist1990,
  title = {An Analytical Model for Spherical Galaxies and Bulges},
  author = {Hernquist, Lars},
  date = {1990-06-01},
  journaltitle = {The Astrophysical Journal},
  volume = {356},
  pages = {359--364},
  issn = {0004-637X},
  doi = {10.1086/168845},
  url = {http://adsabs.harvard.edu/abs/1990ApJ...356..359H},
  urldate = {2020-05-08},
  keywords = {Astronomical Models,Astronomical Photometry,Brightness Distribution,Computational Astrophysics,Distribution Functions,Elliptical Galaxies,Galactic Bulge,Galactic Structure}
}

@article{iannuzzi2015,
  title = {{{2D}} Kinematic Signatures of Boxy/Peanut Bulges},
  author = {Iannuzzi, Francesca and Athanassoula, E.},
  date = {2015-07-01},
  journaltitle = {Monthly Notices of the Royal Astronomical Society},
  volume = {450},
  pages = {2514--2538},
  issn = {0035-8711},
  doi = {10.1093/mnras/stv764},
  url = {http://adsabs.harvard.edu/abs/2015MNRAS.450.2514I},
  urldate = {2020-01-28},
  keywords = {Galaxy: evolution,Galaxy: kinematics and dynamics,methods: numerical}
}

@article{kuijken1995,
  title = {Establishing the Connection between Peanut-Shaped Bulges and Galactic Bars},
  author = {Kuijken, Konrad and Merrifield, Michael R.},
  date = {1995-04-01},
  journaltitle = {The Astrophysical Journal Letters},
  volume = {443},
  pages = {L13-L16},
  issn = {0004-637X},
  doi = {10.1086/187824},
  url = {http://adsabs.harvard.edu/abs/1995ApJ...443L..13K},
  urldate = {2020-05-04},
  keywords = {Bars,Data Reduction,Dynamic Characteristics,Galactic Bulge,Galactic Structure,Kinematics,Line Of Sight,Plasma Spectra,Stellar Spectra,Velocity Distribution}
}

@article{laurikainen2011,
  title = {Near-Infrared Atlas of {{S0}}-{{Sa}} Galaxies ({{NIRS0S}})},
  author = {Laurikainen, E. and Salo, H. and Buta, R. and Knapen, J. H.},
  date = {2011-12-01},
  journaltitle = {Monthly Notices of the Royal Astronomical Society},
  volume = {418},
  pages = {1452--1490},
  issn = {0035-8711},
  doi = {10.1111/j.1365-2966.2011.19283.x},
  url = {http://adsabs.harvard.edu/abs/2011MNRAS.418.1452L},
  urldate = {2020-01-23},
  keywords = {cD,galaxies: elliptical and lenticular,galaxies: evolution,galaxies: structure}
}

@article{laurikainen2014,
  title = {Milky {{Way}} Mass Galaxies with {{X}}-Shaped Bulges Are Not Rare in the Local {{Universe}}},
  author = {Laurikainen, E. and Salo, H. and Athanassoula, E. and Bosma, A. and Herrera-Endoqui, M.},
  date = {2014-10-01},
  journaltitle = {Monthly Notices of the Royal Astronomical Society},
  volume = {444},
  pages = {L80-L84},
  issn = {0035-8711},
  doi = {10.1093/mnrasl/slu118},
  url = {http://adsabs.harvard.edu/abs/2014MNRAS.444L..80L},
  urldate = {2020-05-07},
  keywords = {cD,galaxies: bulges,galaxies: elliptical and lenticular,galaxies: evolution,galaxies: spiral,galaxies: structure}
}

@article{laurikainen2016a,
  title = {Observed {{Properties}} of {{Boxy}}/{{Peanut}}/{{Barlens Bulges}}},
  author = {Laurikainen, Eija and Salo, Heikki},
  date = {2016},
  volume = {418},
  pages = {77},
  location = {{eprint: arXiv:1505.00590}},
  doi = {10.1007/978-3-319-19378-6_4},
  url = {http://adsabs.harvard.edu/abs/2016ASSL..418...77L},
  urldate = {2020-05-08},
  eventtitle = {Galactic {{Bulges}}},
  keywords = {Physics}
}
% == BibLateX quality report for laurikainen2016a:
% Unexpected field 'location'
% Unexpected field 'eventtitle'
% Missing required field 'journaltitle'
% ? Title looks like it was stored in title-case in Zotero

@article{laurikainen2017,
  title = {Barlenses and {{X}}-Shaped Features Compared: Two Manifestations of Boxy/Peanut Bulges},
  author = {Laurikainen, E. and Salo, H.},
  date = {2017-02},
  journaltitle = {{$\backslash$}aap},
  volume = {598},
  pages = {A10},
  doi = {10.1051/0004-6361/201628936},
  keywords = {Astrophysics - Astrophysics of Galaxies,galaxies: bulges,galaxies: evolution,galaxies: structure,Galaxy: bulge}
}

@article{li2017a,
  title = {The {{Carnegie}}-{{Irvine Galaxy Survey}}. {{V}}. {{Statistical Study}} of {{Bars}} and {{Buckled Bars}}},
  author = {Li, Zhao-Yu and Ho, Luis C. and Barth, Aaron J.},
  date = {2017-08-14},
  journaltitle = {ApJ},
  volume = {845},
  pages = {87},
  issn = {1538-4357},
  doi = {10.3847/1538-4357/aa7fba},
  url = {http://stacks.iop.org/0004-637X/845/i=1/a=87?key=crossref.eb5d712b3cf82a4c26ab48bed2c220df},
  urldate = {2020-01-27},
  langid = {english},
  number = {1}
}
% == BibLateX quality report for li2017a:
% ? Title looks like it was stored in title-case in Zotero

@article{lutticke2000,
  title = {Box- and Peanut-Shaped Bulges. {{I}}. {{Statistics}}},
  author = {Lütticke, R. and Dettmar, R.-J. and Pohlen, M.},
  date = {2000-09-01},
  journaltitle = {Astronomy and Astrophysics Supplement Series},
  volume = {145},
  pages = {405--414},
  issn = {0365-0138},
  doi = {10.1051/aas:2000354},
  url = {http://adsabs.harvard.edu/abs/2000A%26AS..145..405L},
  urldate = {2020-05-04},
  keywords = {GALAXIES: EVOLUTION,GALAXIES: SPIRAL,GALAXIES: STATISTICS,GALAXIES: STRUCTURE}
}

@article{lutticke2000a,
  title = {Box- and Peanut-Shaped Bulges. {{II}}. {{NIR}} Observations},
  author = {Lütticke, R. and Dettmar, R.-J. and Pohlen, M.},
  date = {2000-10-01},
  journaltitle = {Astronomy and Astrophysics},
  volume = {362},
  pages = {435--446},
  issn = {0004-6361},
  url = {http://adsabs.harvard.edu/abs/2000A%26A...362..435L},
  urldate = {2020-05-05},
  keywords = {GALAXIES: EVOLUTION,GALAXIES: SPIRAL,GALAXIES: STATISTICS,GALAXIES: STRUCTURE}
}

@article{marinova2007,
  title = {Characterizing {{Bars}} at Z{$\sptilde$}0 in the {{Optical}} and {{NIR}}: {{Implications}} for the {{Evolution}} of {{Barred Disks}} with {{Redshift}}},
  author = {Marinova, Irina and Jogee, Shardha},
  date = {2007-04},
  journaltitle = {{$\backslash$}apj},
  volume = {659},
  pages = {1176--1197},
  doi = {10.1086/512355},
  keywords = {Astrophysics,Galaxies: Evolution,Galaxies: Fundamental Parameters,Galaxies: Kinematics and Dynamics,Galaxies: Structure},
  number = {2}
}

@article{mcmillan2007a,
  title = {Initial Conditions for Disc Galaxies},
  author = {McMillan, Paul J. and Dehnen, Walter},
  date = {2007-06-01},
  journaltitle = {Monthly Notices of the Royal Astronomical Society},
  volume = {378},
  pages = {541--550},
  issn = {0035-8711},
  doi = {10.1111/j.1365-2966.2007.11753.x},
  url = {http://adsabs.harvard.edu/abs/2007MNRAS.378..541M},
  urldate = {2020-05-10},
  keywords = {galaxies: haloes,galaxies: kinematics and dynamics,methods: N-body simulations}
}

@article{mendez-abreu2008,
  title = {Confirmation of a {{Kinematic Diagnostic}} for {{Face}}-{{On Box}}/{{Peanut}}-Shaped {{Bulges}}},
  author = {Méndez-Abreu, J. and Corsini, E. M. and Debattista, Victor P. and De Rijcke, S. and Aguerri, J. A. L. and Pizzella, A.},
  date = {2008-06-01},
  journaltitle = {The Astrophysical Journal Letters},
  volume = {679},
  pages = {L73},
  issn = {0004-637X},
  doi = {10.1086/589541},
  url = {http://adsabs.harvard.edu/abs/2008ApJ...679L..73M},
  urldate = {2020-05-06},
  keywords = {galaxies: bulges,galaxies: evolution,galaxies: formation,galaxies: kinematics and dynamics,galaxies: spiral}
}

@article{navarro1996,
  title = {The {{Structure}} of {{Cold Dark Matter Halos}}},
  author = {Navarro, Julio F. and Frenk, Carlos S. and White, Simon D. M.},
  date = {1996-05-01},
  journaltitle = {The Astrophysical Journal},
  volume = {462},
  pages = {563},
  issn = {0004-637X},
  doi = {10.1086/177173},
  url = {http://adsabs.harvard.edu/abs/1996ApJ...462..563N},
  urldate = {2020-05-08},
  keywords = {COSMOLOGY: DARK MATTER,COSMOLOGY: THEORY,GALAXIES: HALOS,METHODS: NUMERICAL}
}
% == BibLateX quality report for navarro1996:
% ? Title looks like it was stored in title-case in Zotero

@article{parul2020,
  title = {Orbital Ingredients for Cooking {{X}}-Structures in Edge-on Galaxies},
  author = {Parul, Hanna D. and Smirnov, Anton A. and Sotnikova, Natalia Ya.},
  date = {2020-02-01},
  journaltitle = {arXiv e-prints},
  volume = {2002},
  pages = {arXiv:2002.06627},
  url = {http://adsabs.harvard.edu/abs/2020arXiv200206627P},
  urldate = {2020-05-07},
  keywords = {Astrophysics - Astrophysics of Galaxies}
}

@article{raha1991,
  title = {A Dynamical Instability of Bars in Disk Galaxies},
  author = {Raha, N. and Sellwood, J. A. and James, R. A. and Kahn, F. D.},
  date = {1991-08-01},
  journaltitle = {Nature},
  volume = {352},
  pages = {411},
  issn = {0028-0836},
  doi = {10.1038/352411a0},
  url = {http://adsabs.harvard.edu/abs/1991Natur.352..411R},
  urldate = {2020-05-03},
  keywords = {Computational Astrophysics,Disk Galaxies,Dynamic Stability,Galactic Bulge,Galactic Structure,Stellar Systems,Three Dimensional Models}
}

@article{saha2018,
  title = {Why {{Are Some Galaxies Not Barred}}?},
  author = {Saha, Kanak and Elmegreen, Bruce},
  date = {2018-05-01},
  journaltitle = {The Astrophysical Journal},
  volume = {858},
  pages = {24},
  issn = {0004-637X},
  doi = {10.3847/1538-4357/aabacd},
  url = {http://adsabs.harvard.edu/abs/2018ApJ...858...24S},
  urldate = {2020-05-03},
  keywords = {galaxies: bulges,galaxies: evolution,galaxies: formation,galaxies: kinematics and dynamics,galaxies: spiral,galaxies: structure}
}
% == BibLateX quality report for saha2018:
% ? Title looks like it was stored in title-case in Zotero

@article{salo2015,
  title = {The {{Spitzer Survey}} of {{Stellar Structure}} in {{Galaxies}} ({{S4G}}): {{Multi}}-Component {{Decomposition Strategies}} and {{Data Release}}},
  shorttitle = {The {{Spitzer Survey}} of {{Stellar Structure}} in {{Galaxies}} ({{S4G}})},
  author = {Salo, Heikki and Laurikainen, Eija and Laine, Jarkko and Comerón, Sebastien and Gadotti, Dimitri A. and Buta, Ron and Sheth, Kartik and Zaritsky, Dennis and Ho, Luis and Knapen, Johan and Athanassoula, E. and Bosma, Albert and Laine, Seppo and Cisternas, Mauricio and Kim, Taehyun and Muñoz-Mateos, Juan Carlos and Regan, Michael and Hinz, Joannah L. and Gil de Paz, Armando and Menendez-Delmestre, Karin and Mizusawa, Trisha and Erroz-Ferrer, Santiago and Meidt, Sharon E. and Querejeta, Miguel},
  date = {2015-07-01},
  journaltitle = {The Astrophysical Journal Supplement Series},
  volume = {219},
  pages = {4},
  issn = {0067-0049},
  doi = {10.1088/0067-0049/219/1/4},
  url = {http://adsabs.harvard.edu/abs/2015ApJS..219....4S},
  urldate = {2020-05-08},
  keywords = {galaxies: fundamental parameters,galaxies: kinematics and dynamics,galaxies: spiral,galaxies: structure}
}

@article{salo2017,
  title = {Boxy/{{Peanut}}/{{X}}-Shaped {{Bulges}}: {{Steep Inner Rotation Curve Leads}} to {{Barlens Face}}-on {{Morphology}}},
  shorttitle = {Boxy/{{Peanut}}/{{X}}-Shaped {{Bulges}}},
  author = {Salo, H. and Laurikainen, E.},
  date = {2017-02-01},
  journaltitle = {ApJ},
  volume = {835},
  pages = {252},
  issn = {1538-4357},
  doi = {10.3847/1538-4357/835/2/252},
  url = {http://stacks.iop.org/0004-637X/835/i=2/a=252?key=crossref.98398a499f69e134c7d5bda1462bad35},
  urldate = {2019-05-25},
  langid = {english},
  number = {2}
}

@article{shen2004,
  title = {The {{Destruction}} of {{Bars}} by {{Central Mass Concentrations}}},
  author = {Shen, Juntai and Sellwood, J. A.},
  date = {2004-04-01},
  journaltitle = {The Astrophysical Journal},
  volume = {604},
  pages = {614--631},
  issn = {0004-637X},
  doi = {10.1086/382124},
  url = {http://adsabs.harvard.edu/abs/2004ApJ...604..614S},
  urldate = {2020-04-30},
  keywords = {Black Hole Physics,Galaxies: Evolution,Galaxies: ISM,Galaxies: Kinematics and Dynamics,Galaxies: Nuclei,Galaxies: Structure,Stellar Dynamics}
}
% == BibLateX quality report for shen2004:
% ? Title looks like it was stored in title-case in Zotero

@article{smirnov2018,
  title = {What Determines the Flatness of {{X}}-Shaped Structures in Edge-on Galaxies},
  author = {Smirnov, Anton A. and Sotnikova, Natalia Ya},
  date = {2018-12-11},
  journaltitle = {Mon. Not. R. Astron. Soc.},
  volume = {481},
  pages = {4058--4076},
  issn = {0035-8711, 1365-2966},
  doi = {10.1093/mnras/sty2423},
  url = {http://arxiv.org/abs/1809.06167},
  urldate = {2019-11-11},
  archivePrefix = {arXiv},
  eprint = {1809.06167},
  eprinttype = {arxiv},
  keywords = {Astrophysics - Astrophysics of Galaxies},
  langid = {english},
  number = {3}
}
% == BibLateX quality report for smirnov2018:
% Unexpected field 'archivePrefix'
% 'issn': not a valid ISSN
% ? Possibly abbreviated journal title Mon. Not. R. Astron. Soc.

@article{smirnov2019a,
  title = {Is the Late Buckling Stage Inevitable in the Bar Life?},
  author = {Smirnov, Anton A. and Sotnikova, Natalia Ya},
  date = {2019-05-01},
  journaltitle = {Monthly Notices of the Royal Astronomical Society},
  volume = {485},
  pages = {1900--1905},
  issn = {0035-8711},
  doi = {10.1093/mnras/stz546},
  url = {http://adsabs.harvard.edu/abs/2019MNRAS.485.1900S},
  urldate = {2020-05-07},
  keywords = {galaxies: bulges,galaxies: evolution,galaxies: fundamental parameters,galaxies: general,galaxies: kinematics and dynamics,galaxies: structure}
}

@article{teuben1995a,
  title = {The {{Stellar Dynamics Toolbox NEMO}}},
  author = {Teuben, P.},
  date = {1995},
  volume = {77},
  pages = {398},
  url = {http://adsabs.harvard.edu/abs/1995ASPC...77..398T},
  urldate = {2020-05-10},
  eventtitle = {Astronomical {{Data Analysis Software}} and {{Systems IV}}}
}
% == BibLateX quality report for teuben1995a:
% Unexpected field 'eventtitle'
% Missing required field 'journaltitle'
% ? Title looks like it was stored in title-case in Zotero

@article{valluri2016,
  title = {A {{Unified Framework}} for the {{Orbital Structure}} of {{Bars}} and {{Triaxial Ellipsoids}}},
  author = {Valluri, Monica and Shen, Juntai and Abbott, Caleb and Debattista, Victor P.},
  date = {2016-02},
  journaltitle = {Astrophys. J.},
  volume = {818},
  pages = {141},
  doi = {10.3847/0004-637X/818/2/141},
  keywords = {Astrophysics - Astrophysics of Galaxies,chaos,galaxies: kinematics and dynamics,galaxies: nuclei,galaxies: spiral,galaxies: structure,methods: numerical},
  number = {2}
}
% == BibLateX quality report for valluri2016:
% ? Possibly abbreviated journal title Astrophys. J.
% ? Title looks like it was stored in title-case in Zotero

@article{vandermarel1993,
  title = {A New Method for the Identification of Non-{{Gaussian}} Line Profiles in Elliptical Galaxies},
  author = {family=Marel, given=Roeland P., prefix=van der, useprefix=true and Franx, Marijn},
  date = {1993-04-01},
  journaltitle = {The Astrophysical Journal},
  volume = {407},
  pages = {525--539},
  issn = {0004-637X},
  doi = {10.1086/172534},
  url = {http://adsabs.harvard.edu/abs/1993ApJ...407..525V},
  urldate = {2020-01-27},
  keywords = {Astronomical Models,Computational Astrophysics,Elliptical Galaxies,Galactic Evolution,Galactic Structure,Line Spectra}
}


